<record><leader>00000cas a22000007a 4500</leader><controlfield tag="001">22607249</controlfield><controlfield tag="008">901030d19371955couwr ne      0    0eng d</controlfield><datafield ind1=" " ind2=" " tag="010"><subfield code="a">sn 90051881 </subfield></datafield><datafield ind1=" " ind2=" " tag="040"><subfield code="a">CNQ</subfield><subfield code="b">eng</subfield><subfield code="c">CNQ</subfield><subfield code="d">OCLCQ</subfield></datafield><datafield ind1=" " ind2=" " tag="042"><subfield code="a">msc</subfield></datafield><datafield ind1="0" ind2=" " tag="130"><subfield code="a">Colorado Springs news (Colorado Springs, Colo. : 1937)</subfield></datafield><datafield ind1="1" ind2="0" tag="245"><subfield code="a">Colorado Springs news.</subfield></datafield><datafield ind1="3" ind2="0" tag="246"><subfield code="a">Colorado Springs news formerly Colorado Springs farm news</subfield></datafield><datafield ind1="3" ind2="0" tag="246"><subfield code="a">Colorado Springs news combining the Colorado Springs advertiser</subfield></datafield><datafield ind1=" " ind2=" " tag="260"><subfield code="a">Colorado Springs, Colo. :</subfield><subfield code="b">Democrat Pub. Co.</subfield></datafield><datafield ind1=" " ind2=" " tag="300"><subfield code="a">v.</subfield></datafield><datafield ind1=" " ind2=" " tag="310"><subfield code="a">Weekly</subfield></datafield><datafield ind1=" " ind2=" " tag="500"><subfield code="a">Vol. 47, no. 27 (Jan. 1, 1937)-v. 65, no. 56 (June 9, 1955).</subfield></datafield><datafield ind1=" " ind2=" " tag="500"><subfield code="a">"Combining the Colorado Springs advertiser appears in small print below masthead, &lt;1948-&gt;.</subfield></datafield><datafield ind1=" " ind2=" " tag="752"><subfield code="a">United States</subfield><subfield code="b">Colorado</subfield><subfield code="c">El Paso</subfield><subfield code="d">Colorado Springs.</subfield></datafield><datafield ind1="0" ind2="0" tag="780"><subfield code="t">Colorado Springs farm news</subfield><subfield code="w">(DLC)sn 90099970</subfield></datafield><datafield ind1="0" ind2="5" tag="780"><subfield code="t">Colorado Springs advertiser</subfield><subfield code="w">(DLC)sn 90099938</subfield></datafield><datafield ind1="0" ind2="0" tag="785"><subfield code="t">Colorado farm news</subfield><subfield code="w">(DLC)sn 90099971</subfield></datafield></record>